@techreport{ICASA2020,
author = {ICASA},
institution = {Independent Communications Authority of South Africa},
pages = {115},
title = {{The State of the ICT Sector Report in South Africa}},
url = {https://www.icasa.org.za/uploads/files/State-of-the-ICT-Sector-Report-March-2020.pdf},
year = {2020}
}
@misc{Turner,
author = {Turner, Ash},
booktitle = {BankMyCell},
title = {{HOW MANY SMARTPHONES ARE IN THE WORLD?}},
url = {https://www.bankmycell.com/blog/how-many-phones-are-in-the-world},
urldate = {2020-10-08},
year = {2020}
}
@misc{AlliedMarketResearch2019,
author = {{Allied Market Research}},
booktitle = {PR Newswire},
title = {{Mobile Application Market to Garner {\$}311.25 Billion, Globally, By 2023 at 19.2{\%} CAGR, Says Allied Market Research}},
url = {https://www.prnewswire.com/news-releases/mobile-application-market-to-garner-311-25-billion-globally-by-2023-at-19-2-cagr-says-allied-market-research-300791615.html},
urldate = {07/10/2020},
year = {2019}
}
@misc{42matters,
author = {42 matters},
title = {{South Africa App Market Statistics in 2020 for Android}},
url = {https://42matters.com/south-africa-app-market-statistics},
urldate = {2020-11-03}
}
@misc{Cable.co.uk,
author = {Cable.co.uk},
title = {{Worldwide mobile data pricing: The cost of 1GB of mobile data in 228 countries}},
url = {https://www.cable.co.uk/mobiles/worldwide-data-pricing/},
urldate = {2020-11-03}
}
@misc{Bottomley2020,
author = {Bottomley, Edward-John},
booktitle = {Business Insider SA},
month = {may},
title = {{SA has some of Africa's most expensive data, a new report says â€“ but it is better for the richer}},
url = {https://www.businessinsider.co.za/how-sas-data-prices-compare-with-the-rest-of-the-world-2020-5},
year = {2020}
}
@article{Priyadarshini2018,
author = {Priyadarshini, Manisha},
journal = {Fossbytes},
month = {sep},
title = {{Which Sensors Do I Have In My Smartphone? How Do They Work?}},
url = {https://fossbytes.com/which-smartphone-sensors-how-work/},
year = {2018}
}
@article{Stein2020,
author = {Stein, Scott},
journal = {CNET},
month = {oct},
title = {{Lidar on the iPhone 12 Pro: What it can do now, and why it matters for the future of AR, 3D scanning and photos}},
url = {https://www.cnet.com/how-to/lidar-on-the-iphone-12-pro-what-it-is-and-why-it-matters-for-the-future-of-ar-3d-scanning-and-photos/},
year = {2020}
}
@misc{Merriam-Webster,
author = {Merriam-Webster},
title = {{Crowdsourcing}},
url = {https://www.merriam-webster.com/dictionary/crowdsourcing},
urldate = {2020-10-10}
}
@inproceedings{eriksson2008pothole,
address = {Breckenridge, U.S.A.},
author = {Eriksson, Jakob and Girod, Lewis and Hull, Bret and Newton, Ryan and Madden, Samuel and Balakrishnan, Hari},
booktitle = {The Sixth Annual International conference on Mobile Systems, Applications and Services (MobiSys 2008)},
month = {jun},
title = {{The Pothole Patrol: Using a Mobile Sensor Network for Road Surface Monitoring}},
year = {2008}
}
@inproceedings{Barkhuus2003,
author = {Barkhuus, Louise and Dey, Anind},
title = {{Location-Based Services for Mobile Telephony: a Study of Users' Privacy Concerns.}},
volume = {2003},
year = {2003}
}
@misc{BuiltWith,
author = {BuiltWith},
title = {{Google API Usage Statistics}},
url = {https://trends.builtwith.com/javascript/Google-API},
urldate = {2020-11-03}
}
@article{Bush2018,
author = {Bush, Thomas},
journal = {Nordic APIS},
month = {nov},
title = {{5 Powerful Alternatives to Google Maps API}},
url = {https://nordicapis.com/5-powerful-alternatives-to-google-maps-api/},
year = {2018}
}
@book{RR-1393-DARPA,
address = {Santa Monica, CA},
author = {Yerukhimovich, Arkady and Balebako, Rebecca and Boustead, Anne E and Cunningham, Robert K and IV, William Welser and Housley, Richard and Shay, Richard and Spensky, Chad and Stanley, Karlyn D and Stewart, Jeffrey and Trachtenberg, Ari and Winkelman, Zev},
doi = {10.7249/RR1393},
publisher = {RAND Corporation},
title = {{Can Smartphones and Privacy Coexist? Assessing Technologies and Regulations Protecting Personal Data on Android and iOS Devices}},
year = {2016}
}
@misc{Anderson2016,
author = {Anderson, Monica},
booktitle = {Pew Research Center},
month = {jan},
title = {{More Americans using smartphones for getting directions, streaming TV}},
url = {https://www.pewresearch.org/fact-tank/2016/01/29/us-smartphone-use/},
year = {2016}
}
@misc{AssociatedPress2018,
author = {{Associated Press}},
booktitle = {The Guardian},
month = {aug},
title = {{Google records your location even when you tell it not to}},
url = {https://www.theguardian.com/technology/2018/aug/13/google-location-tracking-android-iphone-mobile},
year = {2018}
}
@misc{StatCounter,
author = {StatCounter},
title = {{Mobile Operating System Market Share Worldwide}},
url = {https://gs.statcounter.com/os-market-share/mobile/worldwide},
urldate = {2020-01-15}
}
@misc{ThePHPGroup,
author = {{The PHP Group}},
title = {{PHP}},
url = {https://www.php.net/},
urldate = {2020-11-03}
}
@misc{PgAdmin,
author = {PgAdmin},
title = {{pgAdmin Frontpage}},
url = {https://www.pgadmin.org/},
urldate = {03-11-2020}
}
